@article{sharma2021overset,
  title={Overset meshes for incompressible flows: On preserving accuracy of underlying discretizations},
  author={Sharma, Ashesh and Ananthan, Shreyas and Sitaraman, Jayanarayanan and Thomas, Stephen and Sprague, Michael A},
  journal={Journal of Computational Physics},
  volume={428},
  pages={109987},
  year={2021},
  publisher={Elsevier}
}

@article{geiersbach2020stochastic,
  title={A stochastic gradient method with mesh refinement for PDE-constrained optimization under uncertainty},
  author={Geiersbach, Caroline and Wollner, Winnifried},
  journal={SIAM Journal on Scientific Computing},
  volume={42},
  number={5},
  pages={A2750--A2772},
  year={2020},
  publisher={SIAM}
}

@article{bespalov2022error,
  title={Error estimation and adaptivity for stochastic collocation finite elements Part I: single-level approximation},
  author={Bespalov, Alex and Silvester, David J and Xu, Feng},
  journal={SIAM Journal on Scientific Computing},
  volume={44},
  number={5},
  pages={A3393--A3412},
  year={2022},
  publisher={SIAM}
}

@article{bollhofer2020state,
  title={State-of-the-art sparse direct solvers},
  author={Bollh{\"o}fer, Matthias and Schenk, Olaf and Janalik, Radim and Hamm, Steve and Gullapalli, Kiran},
  journal={Parallel algorithms in computational science and engineering},
  pages={3--33},
  year={2020},
  publisher={Springer}
}

@article{kozdon2021hybridized,
  title={Hybridized summation-by-parts finite difference methods},
  author={Kozdon, Jeremy E and Erickson, Brittany A and Wilcox, Lucas C},
  journal={Journal of Scientific Computing},
  volume={87},
  number={3},
  pages={85},
  year={2021},
  publisher={Springer}
}

@article{kolev2021efficient,
  title={Efficient exascale discretizations: High-order finite element methods},
  author={Kolev, Tzanio and Fischer, Paul and Min, Misun and Dongarra, Jack and Brown, Jed and Dobrev, Veselin and Warburton, Tim and Tomov, Stanimire and Shephard, Mark S and Abdelfattah, Ahmad and others},
  journal={The International Journal of High Performance Computing Applications},
  volume={35},
  number={6},
  pages={527--552},
  year={2021},
  publisher={SAGE Publications Sage UK: London, England}
}

@article{fernandez2017hybridized,
  title={The hybridized discontinuous Galerkin method for implicit large-eddy simulation of transitional turbulent flows},
  author={Fernandez, Pablo and Nguyen, Ngoc Cuong and Peraire, Jaime},
  journal={Journal of Computational Physics},
  volume={336},
  pages={308--329},
  year={2017},
  publisher={Elsevier}
}